<record><leader>00000cas a2200000 a 4500</leader><controlfield tag="001">13779070</controlfield><controlfield tag="008">860625d18621864inuwr n       0    0eng d</controlfield><datafield ind1=" " ind2=" " tag="010"><subfield code="a">sn 86058733 </subfield></datafield><datafield ind1=" " ind2=" " tag="040"><subfield code="a">IPL</subfield><subfield code="b">eng</subfield><subfield code="c">IPL</subfield><subfield code="d">NPI</subfield><subfield code="d">OCL</subfield><subfield code="d">OCLCQ</subfield></datafield><datafield ind1=" " ind2=" " tag="042"><subfield code="a">msc</subfield></datafield><datafield ind1=" " ind2=" " tag="092"><subfield code="a">071.7265</subfield><subfield code="b">D378</subfield></datafield><datafield ind1="0" ind2=" " tag="130"><subfield code="a">Delaware County free press (Muncie, Ind. : 1862)</subfield></datafield><datafield ind1="1" ind2="0" tag="245"><subfield code="a">Delaware County free press.</subfield></datafield><datafield ind1=" " ind2=" " tag="260"><subfield code="a">Muncie, Ind. :</subfield><subfield code="b">Duckwall &amp; Ruckman,</subfield><subfield code="c">1862-1864.</subfield></datafield><datafield ind1=" " ind2=" " tag="300"><subfield code="a">3 v. :</subfield><subfield code="b">ill. (chiefly advertisements) ;</subfield><subfield code="c">56 cm.</subfield></datafield><datafield ind1=" " ind2=" " tag="310"><subfield code="a">Weekly</subfield></datafield><datafield ind1="0" ind2=" " tag="362"><subfield code="a">Vol. 4, no. 30 (Feb. 27, 1862)-v. 6, no. 26 (Feb. 18, 1864).</subfield></datafield><datafield ind1=" " ind2=" " tag="500"><subfield code="a">Publishers: J.F. Duckwall &lt;Aug. 7, 1862&gt;-Feb. 18, 1864.</subfield></datafield><datafield ind1=" " ind2=" " tag="500"><subfield code="a">Republican Cf. Miller, John W. Indiana newspaper bibliog.</subfield></datafield><datafield ind1=" " ind2=" " tag="515"><subfield code="a">Some issues have wrong years: Vol. 5, no. 20 (Jan. 1, 1862 [i.e. 1863]); Vol. 5, no. 21 (Jan. 8, 1862 [i.e. 1863]); Vol. 6, no. 20 (Jan. 7, 1863 [i.e. 1864]).</subfield></datafield><datafield ind1=" " ind2=" " tag="752"><subfield code="a">United States</subfield><subfield code="b">Indiana</subfield><subfield code="c">Delaware</subfield><subfield code="d">Muncie.</subfield></datafield><datafield ind1="0" ind2=" " tag="776"><subfield code="t">Delaware County free press</subfield><subfield code="w">(OCoLC)13779041</subfield></datafield><datafield ind1="0" ind2="0" tag="780"><subfield code="t">Delaware free press (Muncie, Ind. : 1861)</subfield><subfield code="w">(DLC)sn 86058732</subfield><subfield code="w">(OCoLC)13778859</subfield></datafield><datafield ind1="0" ind2="0" tag="785"><subfield code="t">Delaware free press (Muncie, Ind. : 1864)</subfield><subfield code="w">(DLC)sn 86058734</subfield><subfield code="w">(OCoLC)13779111</subfield></datafield><datafield ind1="1" ind2=" " tag="029"><subfield code="a">AU@</subfield><subfield code="b">000022167011</subfield></datafield></record>